@article{Schissler2016,
author = {Schissler, A Grant and Li, Qike and Chen, James L and Kenost, Colleen and Achour, Ikbel and Billheimer, D Dean and Li, Haiquan and Piegorsch, Walter W and Lussier, Yves A},
journal = {Bioinformatics},
number = {12},
pages = {i80--i89},
title = {{Analysis of aggregated cell-cell statistical distances within pathways unveils therapeutic-resistance mechanisms in circulating tumor cells}},
volume = {32},
year = {2016}
}

@article{Hamburg2010,
author = { Hamburg ,  Margaret A  and  Collins ,  Francis S },
title = {{The path to personalized medicine}},
journal = {New England Journal of Medicine},
volume = {363},
number = {4},
pages = {301--304},
year = {2010}
}

@article{Kern2012,
author = {Kern, Scott E},
journal = {Cancer Research},
number = {23},
pages = {6097--6101},
title = {{Why your new cancer biomarker may never work: recurrent patterns and remarkable diversity in biomarker failures}},
volume = {72},
year = {2012}
}

@book{Fisher1935,
author = {Fisher, R A},
publisher = {Oliver and Boyd},
address = {London},
title = {{The design of experiments}},
year = {1935}
}

@article{Bacchetti2011,
author = {Bacchetti, Peter and Deeks, Steven G and McCune, Joseph M},
journal = {Science Translational Medicine},
number = {87},
pages = {87ps24},
title = {{Breaking free of sample size dogma to perform innovative translational research}},
volume = {3},
year = {2011}
}

@article{Gardeux2014,
author = {Gardeux, Vincent and Achour, Ikbel and Li, Jianrong and Maienschein-Cline, Mark and Li, Haiquan and Pesce, Lorenzo and Parinandi, Gurunadh and Bahroos, Neil and Winn, Robert and Foster, Ian and Garcia, Joe G N and Lussier, Yves A},
journal = {Journal of the American Medical Informatics Association},
number = {6},
pages = {1015--1025},
title = {{'N-of-1-pathways' unveils personal deregulated mechanisms from a single pair of RNA-Seq samples: towards precision medicine}},
volume = {21},
year = {2014}
}

@article{Wang2009,
author = {Wang, Zhong and Gerstein, Mark and Snyder, Michael},
journal = {Nature Reviews Genetics},
number = {1},
pages = {57--63},
title = {{RNA-Seq: a revolutionary tool for transcriptomics}},
volume = {10},
year = {2009}
}

@article{Ashburner2000,
author = {Ashburner, M and Ball, C A and Blake, J A and Botstein, D and Butler, H and Cherry, J M and Davis, A P and Dolinski, K and Dwight, S S and Eppig, J T and Harris, M A and Hill, D P and Issel-Tarver, L and Kasarskis, A and Lewis, S and Matese, J C and Richardson, J E and Ringwald, M and Rubin, G M and Sherlock, G},
journal = {Nature Genetics},
pages = {25--29},
title = {{Gene ontology: tool for the unification of biology.}},
volume = {25},
number = {1},
year = {2000}
}

@article{Mooney2015,
author = {Mooney, Michael A and Wilmot, Beth},
journal = {American Journal of Medical Genetics Part B Neuropsychiatric Genetics},
pages = {517--527},
title = {{Gene set analysis: a step-by-step guide}},
volume = {168},
number = {7},
year = {2015}
}

@article{Schissler2015,
author = {Schissler, A Grant and Gardeux, Vincent and Li, Qike and Achour, Ikbel and Li, Haiquan and Piegorsch, Walter W and Lussier, Yves A},
journal = {Bioinformatics},
number = {12},
pages = {i293--i302},
title = {{Dynamic changes of RNA-sequencing expression for precision medicine: N-of-1-pathways Mahalanobis distance within pathways of single subjects predicts breast cancer survival}},
volume = {31},
year = {2015}
}

@article{Tamayo2016,
author = {Tamayo, P and Steinhardt, G and Liberzon, A and Mesirov, J P},
journal = {Statistical Methods in Medical Research},
pages = {472--487},
title = {{The limitations of simple gene set enrichment analysis assuming gene independence}},
volume = {25},
number = {1},
year = {2016}
}

@article{Wu2012,
author = {Wu, Di and Smyth, Gordon K},
journal = {Nucleic Acids Research},
number = {17},
pages = {e133},
title = {{Camera: a competitive gene set test accounting for inter-gene correlation}},
volume = {40},
year = {2012}
}

@article{Genest2007,
author = {Genest, Christian and Neslehova, Johanna},
journal = {ASTIN Bulletin},
number = {2},
pages = {475--515},
title = {{A primer on copulas for count data}},
volume = {37},
year = {2007}
}

@article{Yan2007,
author = {Yan, Jun},
journal = {Journal Of Statistical Software},
number = {4},
pages = {1--21},
title = {{Enjoy the Joy of Copulas: With a Package copula}},
volume = {21},
year = {2007}
}

@article{Williams2000,
author = {Williams, Rick L},
journal = {Biometrics},
number = {2},
pages = {645--646},
title = {{A Note on Robust Variance Estimation for Cluster-Correlated Data}},
volume = {56},
year = {2000}
}

@article{Tang2009,
author = {Tang, Fuchou and Barbacioru, Catalin and Wang, Yangzhou and Nordman, Ellen and Lee, Clarence and Xu, Nanlan and Wang, Xiaohui and Bodeau, John and Tuch, Brian B and Siddiqui, Asim and Lao, Kaiqin and Surani, M Azim},
journal = {Nature Methods},
number = {5},
pages = {377--382},
title = {{mRNA-Seq whole-transcriptome analysis of a single cell}},
volume = {6},
year = {2009}
}

@article{Schubert2011,
author = {Schubert, Charlotte},
journal = {Nature},
number = {7375},
pages = {133--137},
title = {{Single-cell analysis: the deepest differences}},
volume = {480},
year = {2011}
}

@article{Patel2014,
author = {Patel, Anoop P and Tirosh, Itay and Trombetta, John J and Shalek, Alex K and Gillespie, Shawn M and Wakimoto, Hiroaki and Cahill, Daniel P and Nahed, Brian V and Curry, William T and Martuza, Robert L and Louis, David N and Rozenblatt-Rosen, Orit and Suv{\`{a}}, Mario L and Regev, Aviv and Bernstein, Bradley E},
journal = {Science},
number = {6190},
pages = {1396--1401},
title = {{Single-cell RNA-seq highlights intratumoral heterogeneity in primary glioblastoma}},
volume = {344},
year = {2014}
}

@article{Court1963,
author = {Court, Arnold},
journal = {Weather},
title = {{Wind roses}},
volume = {18},
pages = {106--114},
number = {4},
year = {1963}
}

@book{Nikles2015,
author = {Nikles, Jane and Mitchell, Geoffrey},
publisher = {Springer},
address = {New York},
title = {{The essential guide to N-of-1 trials in health}},
year = {2015}
}

@article{Ding2015,
author = {Ding, Bo and Zheng, Lina and Zhu, Yun and Li, Nan and Jia, Haiyang and Ai, Rizi and Wildberg, Andre and Wang, Wei},
journal = {Bioinformatics},
number = {13},
pages = {2225--2227},
title = {{Gene expression normalization and noise reduction for single cell RNA-seq experiments}},
volume = {31},
year = {2015}
}

@article{Grun2014,
author = {Gr{\"{u}}n, Dominic and Kester, Lennart and van Oudenaarden, Alexander},
journal = {Nature Methods},
number = {6},
pages = {637--640},
title = {{Validation of noise models for single-cell transcriptomics.}},
volume = {11},
year = {2014}
}

@article{Scialdone2015,
author = {Scialdone, Antonio and Natarajan, Kedar N and Saraiva, Luis R and Proserpio, Valentina and Teichmann, Sarah A and Stegle, Oliver and Marioni, John C and Buettner, Florian},
journal = {Methods},
pages = {54--61},
title = {{Computational assignment of cell-cycle stage from single-cell transcriptome data}},
number = {1},
volume = {85},
year = {2015}
}

@article{Kitano2002,
author = {Kitano, H.},
journal = {Science},
pages = {1662--1664},
title = {{Systems biology:~a brief overview}},
number = {295},
volume = {5560},
year = {2002}
}

@article{Nakagawa2007,
author = {Nakagawa, S. and Cuthill, I.C.},
journal = {Biological reviews},
pages = {591--605},
title = {{Effect size, confidence interval and statistical significance:~a practical guide for biologists}},
number = {82},
volume = {4},
year = {2007}
}
